@article{R.R.Pereira,
title = {{Métodos de Diferenças Finitas para Problemas de
Difusão e Reação Não Lineares}},
author = {Pereira, Ricardo Reis},
pages = {39--65},
year = {2019}
}

@article{candezano2008solucion,
  title={Soluci{\'o}n Num{\'e}rica de la Ecuaci{\'o}n de Calor por el M{\'e}todo de las Diferencias Finitas},
  author={Candezano, Miguel Antonio Caro and Castro, Boris Lora and Ferreira, Valdemir Garcia},
  year={2008}
}

@book{boldrini1986algebra,
  title={Algebra linear},
  author={Boldrini, J.L.},
  isbn={9788529402024},
  url={https://books.google.com.br/books?id=M8CNGwAACAAJ},
  year={1986},
  publisher={HARBRA}
}
